/home/zouhair/Dropbox/Research/Research.bib